@inproceedings{AbramCoekeCatSemQuanProt,
	title={A categorical semantics of quantum protocols},
	author={Abramsky, Samson and Coecke, Bob},
	booktitle={Logic in Computer Science, 2004. Proceedings of the 19th Annual IEEE Symposium on},
	pages={415--425},
	year={2004},
	organization={IEEE}
}

@article{CoeckeDuncanInterQuanObs,
	author={Coecke, B. and Duncan, R.},
	title={Interacting quantum observables: categorical algebra and diagrammatics},
	journal={New Journal of Physics},
	volume={13},
	number={4},
	pages={043016},
	url={http://stacks.iop.org/1367-2630/13/i=4/a=043016},
	year={2011},
}

@ARTICLE{CicalaCatZxCalc,
	author = {{Cicala}, D.},
	title = {Categorifying the zx{-}calculus},
	journal = {arXiv:1704.07034},
	url={https://arxiv.org/abs/1704.07034},
	year = {2017},
}

@ARTICLE{CicalaSpansOfCospan,
	author = {{Cicala}, D.},
	title = {Spans of cospans},
	journal = {arXiv: 1611.07886},
	url={https://arxiv.org/abs/1611.07886},
	year = {2016},
}

@ARTICLE{CicalaCourserBicatsSpanCospans,
	author = {{Cicala}, D. and Courser, K.},
	title = {Bicategories of Spans and Cospans},
	journal = {In preperation},
	year = {},
}
